@article{curnow1976synthetic,
	title={A synthetic benchmark},
	author={Curnow, Harold J and Wichmann, Brian A.},
	journal={The Computer Journal},
	volume={19},
	number={1},
	pages={43--49},
	year={1976},
	publisher={Oxford University Press}
}

@article{paoloni2010benchmark,
	title={How to benchmark code execution times on Intel IA-32 and IA-64 instruction set architectures},
	author={Paoloni, Gabriele},
	journal={Intel Corporation},
	pages={123},
	year={2010}
}

@book{dustin1999automated,
	title={Automated software testing: introduction, management, and performance},
	author={Dustin, Elfriede and Rashka, Jeff and Paul, John},
	year={1999},
	publisher={Addison-Wesley Professional},
	pages = {39,250}
}

@article{blasco2012multiagent,
	media = eresourse,
	title={Robotics software frameworks for multi-agent robotic systems development},
	author={I{\~n}igo-Blasco, Pablo and Diaz-del-Rio, Fernando and Romero-Ternero, Ma Carmen and Cagigas-Mu{\~n}iz, Daniel and Vicente-Diaz, Saturnino},
	journal={Robotics and Autonomous Systems},
	volume={60},
	number={6},
	pages={803--821},
	year={2012},
	publisher={Elsevier}
}

@inproceedings{einhorn2012mira,
	title={Mira-middleware for robotic applications},
	author={Einhorn, Erik and Langner, Tim and Stricker, Ronny and Martin, Christian and Gross, Horst-Michael},
	booktitle={Intelligent Robots and Systems (IROS), 2012 IEEE/RSJ International Conference on},
	pages={2591--2598},
	year={2012},
	organization={IEEE}
}

@article{elkady2012comprehensive,
	title={Robotics middleware: A comprehensive literature survey and attribute-based bibliography},
	author={Elkady, Ayssam and Sobh, Tarek},
	journal={Journal of Robotics},
	volume={2012},
	year={2012},
	publisher={Hindawi Publishing Corporation}
}

@inproceedings{bruyninckx2001orocos,
	title={Open robot control software: the OROCOS project},
	author={Bruyninckx, Herman},
	booktitle={Robotics and Automation, 2001. Proceedings 2001 ICRA. IEEE International Conference on},
	volume={3},
	pages={2523--2528},
	year={2001},
	organization={IEEE}
}

@article{metta2006yarp,
	title={YARP: yet another robot platform},
	author={Metta, Giorgio and Fitzpatrick, Paul and Natale, Lorenzo},
	journal={International Journal of Advanced Robotic Systems},
	volume={3},
	number={1},
	pages={8},
	year={2006},
	publisher={SAGE Publications Sage UK: London, England}
}

@inproceedings{mohamed2008survey,
	title={Middleware for robotics: A survey},
	author={Mohamed, Nader and Al-Jaroodi, Jameela and Jawhar, Imad},
	booktitle={Robotics, Automation and Mechatronics, 2008 IEEE Conference on},
	pages={736--742},
	year={2008},
	organization={Ieee}
}

@online{ros-main-site,
	title  = {ROS.org | Powering the world's robots},
	url   = {http://www.ros.org/},
	media = {eresource},
	urldate = {2018-05-10}
}

@online{gitorious-valhala,
	author = {Archiveteam},
	title  = {gitorious valhalla},
	url   = {https://gitorious.org/},
	media = {eresource},
	urldate = {2018-05-10}
}

@online{mira-main-site,
	title  = {MIRA: MIRA Reference Documentation},
	url   = {http://www.mira-project.org/MIRA-doc/index.html},
	media = {eresource},
	urldate = {2017-12-21}
}

@online{smartsoft-main-site,
	title  = {SmartSoft Approach},
	author = {Hochschule Ulm},
	url   = {http://www.servicerobotik-ulm.de/drupal/?q=node/19},
	media = {eresource},
	urldate = {2017-12-21}
}

@online{moos-main-site,
	title  = {MOOS : Main - Documentation browse},
	url   = {http://www.robots.ox.ac.uk/~mobile/MOOS/wiki/pmwiki.php/Main/Documentation},
	media = {eresource},
	urldate = {2017-12-21}
}

@online{orocos-toolchain-main-site,
	title  = {The Orocos Toolchain | The Orocos Project},
	url   = {http://www.orocos.org/orocos/toolchain},
	media = {eresource},
	urldate = {2017-12-21}
}

@online{rock-main-site,
	title  = {Rock the Robot Construction Kit : Table of Contents},
	url   = {https://www.rock-robotics.org/stable/documentation/toc.html/},
	media = {eresource},
	urldate = {2017-12-21}
}

@online{aseba-main-site,
	title  = {Overview \& Download - Thymio \& Aseba},
	url   = {https://www.thymio.org/en:start},
	media = {eresource},
	urldate = {2017-12-21}
}

@online{yarp-main-site,
	title = {YARP : Welcome to YARP},
	url = {http://www.yarp.it/index.html},
	media = {eresource},
	urldate = {2017-12-21}
}

@online{openrtmaist-new-site,
	title  = {OpenRTM-aist web on the github | OpenRTM-aist},
	url   = {http://openrtm.org/},
	media = {eresource},
	urldate = {2018-05-10}
}

@online{openrtmaist-old-site,
	title  = {General Information | OpenRTM-aist},
	url   = {http://www.openrtm.org/openrtm/en/node/495},
	media = {eresource},
	urldate = {2017-12-21}
}

@online{urbi-repo,
	title  = {GitHub repository aldebaran/urbi: Robotic programming language},
	url   = {https://github.com/aldebaran/urbi},
	media = {eresource},
	urldate = {2017-12-21}
}

@online{urbi-main-site,
	title  = {URBI web-site status: is comming soon},
	url   = {http://www.urbiforge.org/},
	media = {eresource},
	urldate = {2017-12-21}
}

@online{hayai-repo,
	title  = {nickbruun/hayai: C++ benchmarking framework},
	author = {Bruun, Nick},
	url   = {https://github.com/nickbruun/hayai},
	media = {eresource},
	urldate = {2017-11-05}
}

@online{hayai-blog,
	title  = {Easy C++ benchmarking -- Nick Bruun},
	author = {Bruun, Nick},
	url   = {https://bruun.co/2012/02/07/easy-cpp-benchmarking},
	media = {eresource},
	urldate = {2017-11-05}
}

@online{nonius-repo,
	title  = {libnonius/nonius: A C++ micro-benchmarking framework},
	author = {Martinho, Fernandes},
	url   = {https://github.com/libnonius/nonius},
	media = {eresource},
	urldate = {2017-11-05}
}

@online{celero-repo,
	title  = {DigitalInBlue/Celero: C++ Benchmark Authoring Library/Framework},
	url   = {https://github.com/DigitalInBlue/Celero/},
	author = {Farrier, John},
	media = {eresource},
	urldate = {2017-11-05}
}

@online{google-benchmark-repo,
	title  = {google/benchmark: A microbenchmark support library},
	author = {Hamon, Dominic},
	organization = {Google LLC},
	url   = {https://github.com/google/benchmark/},
	media = {eresource},
	urldate = {2017-11-05}
}
