@online{ros-main-site,
	title  = {ROS.org | Powering the world's robots},
	organization = {Open Source Robotics Foundation},
	url   = {http://www.ros.org/},
	media = {eresource},
	urldate = {2018-05-10}
}

@online{gitorious-valhala,
	author = {Archiveteam},
	title  = {gitorious valhalla},
	url   = {https://gitorious.org/},
	media = {eresource},
	urldate = {2018-05-10}
}

@online{mira-main-site,
	title  = {MIRA: MIRA Reference Documentation},
	url   = {http://www.mira-project.org/MIRA-doc/index.html},
	media = {eresource},
	urldate = {2017-12-21}
}

@online{smartsoft-main-site,
	title  = {SmartSoft Approach},
	author = {Hochschule Ulm},
	url   = {http://www.servicerobotik-ulm.de/drupal/?q=node/19},
	media = {eresource},
	urldate = {2017-12-21}
}

@online{moos-main-site,
	title  = {MOOS : Main - Documentation browse},
	url   = {http://www.robots.ox.ac.uk/~mobile/MOOS/wiki/pmwiki.php/Main/Documentation},
	media = {eresource},
	urldate = {2017-12-21}
}

@online{orocos-toolchain-main-site,
	title  = {The Orocos Toolchain | The Orocos Project},
	url   = {http://www.orocos.org/orocos/toolchain},
	media = {eresource},
	urldate = {2017-12-21}
}

@online{rock-main-site,
	title  = {Rock the Robot Construction Kit : Table of Contents},
	url   = {https://www.rock-robotics.org/stable/documentation/toc.html/},
	media = {eresource},
	urldate = {2017-12-21}
}

@online{aseba-main-site,
	title  = {Overview \& Download - Thymio \& Aseba},
	url   = {https://www.thymio.org/en:start},
	media = {eresource},
	urldate = {2017-12-21}
}

@online{yarp-main-site,
	title = {YARP : Welcome to YARP},
	url = {http://www.yarp.it/index.html},
	media = {eresource},
	urldate = {2017-12-21}
}

@online{openrtmaist-new-site,
	title  = {OpenRTM-aist web on the github | OpenRTM-aist},
	url   = {http://openrtm.org/},
	media = {eresource},
	urldate = {2018-05-10}
}

@online{openrtmaist-old-site,
	title  = {General Information | OpenRTM-aist},
	url   = {http://www.openrtm.org/openrtm/en/node/495},
	media = {eresource},
	urldate = {2017-12-21}
}

@online{urbi-repo,
	title  = {GitHub repository aldebaran/urbi: Robotic programming language},
	url   = {https://github.com/aldebaran/urbi},
	media = {eresource},
	urldate = {2017-12-21}
}

@online{urbi-main-site,
	title  = {URBI web-site status: is comming soon},
	url   = {http://www.urbiforge.org/},
	media = {eresource},
	urldate = {2017-12-21}
}

@online{hayai-repo,
	title  = {nickbruun/hayai: C++ benchmarking framework},
	author = {Bruun, Nick},
	url   = {https://github.com/nickbruun/hayai},
	media = {eresource},
	urldate = {2017-05-11}
}

@online{hayai-blog,
	title  = {Easy C++ benchmarking -- Nick Bruun},
	author = {Bruun, Nick},
	url   = {https://bruun.co/2012/02/07/easy-cpp-benchmarking},
	media = {eresource},
	urldate = {2017-05-11}
}

@online{nonius-repo,
	title  = {libnonius/nonius: A C++ micro-benchmarking framework},
	author = {Martinho, Fernandes},
	url   = {https://github.com/libnonius/nonius},
	media = {eresource},
	urldate = {2017-05-11}
}

@online{celero-repo,
	title  = {DigitalInBlue/Celero: C++ Benchmark Authoring Library/Framework},
	url   = {https://github.com/DigitalInBlue/Celero/},
	author = {Farrier, John},
	media = {eresource},
	urldate = {2017-05-11}
}

@online{google-benchmark-repo,
	title  = {google/benchmark: A microbenchmark support library},
	author = {Hamon, Dominic},
	organization = {Google LLC},
	url   = {https://github.com/google/benchmark/},
	media = {eresource},
	urldate = {2017-05-11}
}

@online{ros-concepts,
	title  = {ROS/Concepts - ROS Wiki},
	organization = {Open Source Robotics Foundation},
	url   = {http://wiki.ros.org/ROS/Concepts},
	media = {eresource},
	urldate = {2017-05-12}
}

@online{ros-tcpros,
	title  = {ROS/TCPROS - ROS Wiki},
	organization = {Open Source Robotics Foundation},
	url   = {http://wiki.ros.org/ROS/TCPROS},
	media = {eresource},
	urldate = {2017-05-12}
}

@online{yarp-ports,
	title  = {YARP: Port Power, Going Further with Ports},
	author = {Fitzpatrick, Paul},
	url   = {http://yarp.it/port_expert.html},
	media = {eresource},
	urldate = {2017-05-12}
}

@online{mira-units,
	title  = {MIRA: Units},
	url   = {http://www.mira-project.org/MIRA-doc/UnitsPage.html},
	media = {eresource},
	urldate = {2017-05-13}
}

@online{rtt-components,
	title  = {The Orocos Component Builder's Manual},
	url   = {https://orocos-toolchain.github.io/rtt/toolchain-2.9/xml/orocos-components-manual.html},
	organization = {Flanders Mechatronics Technology Centre},
	author = {Soetens, Peter},
	media = {eresource},
	urldate = {2017-05-13}
}

@online{orocos-interprocess-case,
	title  = {OROCOS component model | The Orocos Project},
	url   = {http://www.orocos.org/forum/orocos/orocos-users/orocos-component-model#comment-32633},
	author = {Bruyninckx, Herman},
	media = {eresource},
	urldate = {2017-05-13}
}