@article{blasco2012multiagent,
	title={Robotics software frameworks for multi-agent robotic systems development},
	author={I{\~n}igo-Blasco, Pablo and Diaz-del-Rio, Fernando and Romero-Ternero, Ma Carmen and Cagigas-Mu{\~n}iz, Daniel and Vicente-Diaz, Saturnino},
	journal={Robotics and Autonomous Systems},
	volume={60},
	number={6},
	pages={803--821},
	year={2012},
	publisher={Elsevier}
}

@inproceedings{einhorn2012mira,
	title={Mira-middleware for robotic applications},
	author={Einhorn, Erik and Langner, Tim and Stricker, Ronny and Martin, Christian and Gross, Horst-Michael},
	booktitle={Intelligent Robots and Systems (IROS), 2012 IEEE/RSJ International Conference on},
	pages={2591--2598},
	year={2012},
	organization={IEEE}
}


@manual{smartsoft-man,
	title  = "SmartSoft Approach",
	author = "Hochschule Ulm",
	note   = "\url{http://www.servicerobotik-ulm.de/drupal/?q=node/19}",
	year   = "последний доступ 20 декабря, 2017 года"
}

@article{elkady2012comprehensive,
	title={Robotics middleware: A comprehensive literature survey and attribute-based bibliography},
	author={Elkady, Ayssam and Sobh, Tarek},
	journal={Journal of Robotics},
	volume={2012},
	year={2012},
	publisher={Hindawi Publishing Corporation}
}

@inproceedings{bruyninckx2001orocos,
	title={Open robot control software: the OROCOS project},
	author={Bruyninckx, Herman},
	booktitle={Robotics and Automation, 2001. Proceedings 2001 ICRA. IEEE International Conference on},
	volume={3},
	pages={2523--2528},
	year={2001},
	organization={IEEE}
}

@article{metta2006yarp,
	title={YARP: yet another robot platform},
	author={Metta, Giorgio and Fitzpatrick, Paul and Natale, Lorenzo},
	journal={International Journal of Advanced Robotic Systems},
	volume={3},
	number={1},
	pages={8},
	year={2006},
	publisher={SAGE Publications Sage UK: London, England}
}

@inproceedings{mohamed2008survey,
	title={Middleware for robotics: A survey},
	author={Mohamed, Nader and Al-Jaroodi, Jameela and Jawhar, Imad},
	booktitle={Robotics, Automation and Mechatronics, 2008 IEEE Conference on},
	pages={736--742},
	year={2008},
	organization={Ieee}
}

@manual{ros-man,
	title  = "Documentation - ROS Wiki",
	note   = "\url{http://wiki.ros.org/}",
	year   = "последний доступ 21 декабря, 2017 года"
}

@manual{mira-man,
	title  = "MIRA: MIRA Reference Documentation",
	note   = "\url{http://www.mira-project.org/MIRA-doc/index.html}",
	year   = "последний доступ 21 декабря, 2017 года"
}

@manual{moos-man,
	title  = "MOOS : Main - Documentation browse",
	note   = "\url{http://www.robots.ox.ac.uk/~mobile/MOOS/wiki/pmwiki.php/Main/Documentation}",
	year   = "последний доступ 21 декабря, 2017 года"
}

@manual{orocos-man,
	title  = "Main Page | The Orocos Project",
	note   = "\url{http://www.orocos.org/wiki/main-page}",
	year   = "последний доступ 21 декабря, 2017 года"
}

@manual{rock-man,
	title  = "Rock the Robot Construction Kit : Table of Contents",
	note   = "\url{https://www.rock-robotics.org/stable/documentation/toc.html/}",
	year   = "последний доступ 21 декабря, 2017 года"
}

@manual{aseba-site,
	title  = "Overview \& Download - Thymio \& Aseba",
	note   = "\url{https://www.thymio.org/en:start}",
	year   = "последний доступ 21 декабря, 2017 года"
}

@manual{yarp-man,
	title  = "YARP : Welcome to YARP",
	note   = "\url{http://www.yarp.it/index.html}",
	year   = "последний доступ 21 декабря, 2017 года"
}

@manual{openrtmaist-man,
	title  = "General Information | OpenRTM-aist",
	note   = "\url{http://www.openrtm.org/openrtm/en/node/495}",
	year   = "последний доступ 21 декабря, 2017 года"
}

@manual{urbi-repo,
	title  = "GitHub repository aldebaran/urbi: Robotic programming language",
	note   = "\url{https://github.com/aldebaran/urbi}",
	year   = "последний доступ 21 декабря, 2017 года"
}

@manual{urbi-site,
	title  = "URBI web-site status: is comming soon",
	note   = "\url{http://www.urbiforge.org/}",
	year   = "последний доступ 21 декабря, 2017 года"
}

